<record><leader>00000cas a2200000 a 4500</leader><controlfield tag="001">11941975</controlfield><controlfield tag="008">850419d18981902ksuwr ne      0    0eng d</controlfield><datafield ind1=" " ind2=" " tag="010"><subfield code="a">sn 85029944 </subfield></datafield><datafield ind1=" " ind2=" " tag="040"><subfield code="a">KSH</subfield><subfield code="b">eng</subfield><subfield code="c">KSH</subfield><subfield code="d">NPT</subfield><subfield code="d">OCL</subfield><subfield code="d">OCLCQ</subfield></datafield><datafield ind1=" " ind2=" " tag="042"><subfield code="a">msc</subfield></datafield><datafield ind1="0" ind2="4" tag="245"><subfield code="a">The Olathe news-herald.</subfield></datafield><datafield ind1=" " ind2=" " tag="260"><subfield code="a">Olathe, Kan. :</subfield><subfield code="b">Charles M. Norris,</subfield><subfield code="c">1898-1902.</subfield></datafield><datafield ind1=" " ind2=" " tag="300"><subfield code="a">4 v. :</subfield><subfield code="b">ill. ;</subfield><subfield code="c">49-66 cm.</subfield></datafield><datafield ind1=" " ind2=" " tag="310"><subfield code="a">Weekly,</subfield><subfield code="b">May 8-June 19, 1902</subfield></datafield><datafield ind1=" " ind2=" " tag="321"><subfield code="a">Weekly,</subfield><subfield code="b">Jan. 20, 1898-Dec. 26, 1901</subfield></datafield><datafield ind1=" " ind2=" " tag="321"><subfield code="a">Semiweekly,</subfield><subfield code="b">Jan. 3-May 2, 1902</subfield></datafield><datafield ind1="0" ind2=" " tag="362"><subfield code="a">Vol. 8, no. 20 (Jan. 20, 1898)-v. 12, no. 42 (June 19, 1902).</subfield></datafield><datafield ind1=" " ind2=" " tag="500"><subfield code="a">Published by: Norris &amp; Coleman, July 6, 1899-Oct. 4, 1900; Charles M. Norris, Oct. 11, 1900-Aug. 29, 1901; The News-Herald Pub. Co., Sept. 5, 1901-June 19, 1902.</subfield></datafield><datafield ind1=" " ind2=" " tag="500"><subfield code="a">"Republican."</subfield></datafield><datafield ind1=" " ind2=" " tag="580"><subfield code="a">Formed by the union of: Olathe weekly herald, and: Olathe news (non-extant).</subfield></datafield><datafield ind1=" " ind2=" " tag="752"><subfield code="a">United States</subfield><subfield code="b">Kansas</subfield><subfield code="c">Johnson</subfield><subfield code="d">Olathe.</subfield></datafield><datafield ind1="1" ind2="4" tag="780"><subfield code="t">Olathe weekly herald</subfield><subfield code="w">(DLC)sn 85029945</subfield></datafield><datafield ind1="1" ind2="4" tag="780"><subfield code="t">Olathe news</subfield></datafield><datafield ind1="0" ind2="4" tag="785"><subfield code="t">Olathe mirror (Olathe, Kan. : 1886)</subfield><subfield code="w">(DLC)sn 85029953</subfield></datafield></record>